@article{immerzeel-2019,
	author = {given-i=WW, given={Walter W.}, family=Immerzeel and given-i=A, given=Arthur, family=Lutz and given-i=M, given=Marcos, family=Andrade and given-i=A, given=Alexis, family=Bahl and given-i=H, given=Hester, family=Biemans and given-i=T, given=Tobias, family=Bolch and given-i=SB, given={Samantha Brooks}, family=Hyde and given-i=SP, given={Steven P.}, family=Brumby and given-i=BJ, given={Bethan J.}, family=Davies and given-i=AC, given={Aurora C.}, family=Elmore and given-i=A, given=Adam, family=Emmer and given-i=M, given=Mingming, family=Feng and given-i=A, given=Alfonso, family=Fernández and given-i=UK, given={Umesh K.}, family=Haritashya and given-i=JS, given={Jeffrey S.}, family=Kargel and given-i=M, given=Michèle, family=Koppes and given-i=P, given=Philip, family=Kraaijenbrink and given-i=AV, given={A. V.}, family=Kulkarni and given-i=PA, given={Paul Andrew}, family=Mayewski and given-i=S, given=Santosh, family=Nepal and given-i=P, given=Paula, family=Pacheco and given-i=TH, given={T. H.}, family=Painter and given-i=F, given=Francesca, family=Pellicciotti and given-i=H, given=Harihar, family=Rajaram and given-i=S, given=Summer, family=Rupper and given-i=A, given=Anna, family=Sinisalo and given-i=AB, given={Arun Bhakta}, family=Shrestha and given-i=D, given=Daniel, family=Viviroli and given-i=Y, given=Yoshihide, family=Wada and given-i=C, given=Cunde, family=Xiao and given-i=T, given=Tandong, family=Yao and given-i=J, given=Jonathan, family=Baillie},
	date = {2019-12-09},
	doi = {10.1038/s41586-019-1822-y},
	journaltitle = {Nature},
	number = {7790},
	pages = {364--369},
	title = {Importance and vulnerability of the world’s water towers},
	url = {https://doi.org/10.1038/s41586-019-1822-y},
	volume = {577},
}
@article{marzeion-2014,
	author = {given-i=B, given=Ben, family=Marzeion and given-i=JG, given={J. Graham}, family=Cogley and given-i=K, given=Kristin, family=Richter and given-i=D, given=David, family=Parkes},
	date = {2014-08-22},
	doi = {10.1126/science.1254702},
	journaltitle = {Science (New York, N.Y.)},
	number = {6199},
	pages = {919--921},
	title = {Attribution of global glacier mass loss to anthropogenic and natural causes},
	url = {https://doi.org/10.1126/science.1254702},
	volume = {345},
}
@article{viviroli-2011,
	author = {given-i=D, given=Daniel, family=Viviroli and given-i=D, given=David, family=Archer and given-i=W, given=Wouter, family=Buytaert and given-i=HJ, given={Hayley J.}, family=Fowler and given-i=GB, given={Gregory B.}, family=Greenwood and given-i=AF, given={Alan F.}, family=Hamlet and given-i=Y, given=Yan, family=Huang and given-i=G, given=Gernot, family=Koboltschnig and given-i=MI, given={M. Iggy}, family=Litaor and given-i=JI, given={Juan I.}, family=López‐Moreno and given-i=S, given=Simon, family=Lorentz and given-i=B, given=Bruno, family=Schädler and given-i=H, given=Hans, family=Schreier and given-i=K, given=Karl, family=Schwaiger and given-i=M, given=Mathias, family=Vuille and given-i=R, given=Ross, family=Woods},
	date = {2011-02-04},
	doi = {10.5194/hess-15-471-2011},
	journaltitle = {Hydrology and Earth System Sciences},
	number = {2},
	pages = {471--504},
	title = {Climate change and mountain water resources: overview and recommendations for research, management and policy},
	url = {https://doi.org/10.5194/hess-15-471-2011},
	volume = {15},
}
@book{roberts-2022,
	author = {given-i=D, given=Debra, family=Roberts and given-i=V, given=Valérie, family=Masson‐Delmotte and given-i=A, given=Andrés, family=Alegría and given-i=M, given=Maike, family=Nicolai and given-i=AE, given={Andrew Emmanuel}, family=Okem and given-i=J, given=Jan, family=Petzold and given-i=B, given=Bard, family=Rama and given-i=N, given=Nora, family=Weyer and given-i=NL, given={Nathaniel L.}, family=Bindoff and given-i=LM, given={Laurens M.}, family=Bouwer and given-i=L, given=Lijing, family=Cheng and given-i=S, given=So‐Min, family=Cheong and given-i=W, given=William, family=Cheung and given-i=M, given=María, family=Paz and given-i=MC, given={Maria Conceição}, family={Da Costa} and given-i=M, given=Matthew, family=Collins and given-i=J, given=Jean‐Pierre, family=Gattuso and given-i=VA, given={Valeria A.}, family=Guinder and given-i=R, given=Robert, family=Hallberg and given-i=JE, given={John E.}, family=Hay and given-i=N, given=Nathalie, family=Hilmi and given-i=Y, given=Yukiko, family=Hirabayashi and given-i=R, given=Regine, family=Hock and given-i=EA, given={Elisabeth A.}, family=Holland and given-i=AB, given={Anne B.}, family=Hollowed and given-i=FI, given={Federico Ignacio}, family=Isla and given-i=M, given=Miriam, family=Jackson and given-i=H, given=Hélène, family=Jacot and given-i=D, given=Des, family=Combes and given-i=F, given=Fiji, family=Nianzhi and given-i=A, given=Andreas, family=Kääb and given-i=JG, given={James Gitundu}, family=Kairo and given-i=S, given=Shichang, family=Kang and given-i=S, given=Saiful, family=Karim and given-i=G, given=Gary, family=Kofinas and given-i=RM, given={Roxy Mathew}, family=Koll and given-i=RM, given={Raphael M.}, family=Kudela and given-i=S, given=Stanislav, family=Kutuzov and given-i=LA, given={Lisa A.}, family=Levin and given-i=LS, given={Losada Sinerco}, family=-Spain and given-i=A, given=Andrew, family=Mackintosh and given-i=A, given=Alexandre, family=Magnan and given-i=R, given=Robin, family=Matthews and given-i=KL, given={Kathleen L.}, family=McInnes and given-i=J, given=Jess, family=Melbourne-Thomas and given-i=MP, given={Michael P.}, family=Meredith and given-i=AM, given={Alexander M.}, family=Milner and given-i=U, given=Ulf, family=Molau and given-i=S, given=Samuel, family=Morin and given-i=MMC, given={Mônica M. C.}, family=Muelbert and given-i=M, given=Melanie, family=Brazil and given-i=G, given=Germany, family=Nicolai and given-i=S, given=Sean, family=O’Donoghue and given-i=G, given=Geir, family=Ottersen and given-i=H, given=Hans‐Otto, family=Pörtner and given-i=P, given=Panmao, family=Zhai and given-i=ES, given={Elvira S.}, family=Poloczanska and given-i=K, given=Katja, family=Mintenbeck and given-i=M, given=M, family=Tignor and given-i=B, given=Baruch, family=Rinkevich and given-i=E, given=Evelia, family=Rivera-Arriaga and given-i=K, given=Konrad, family=Steffen and given-i=H, given=Heidi, family=Steltzer and given-i=T, given=Toshio, family=Suga and given-i=R, given=Raden, family=Susanto and given-i=M, given=Michael, family=Sutherland and given-i=A, given=Alessandro, family=Tagliabue and given-i=A, given=Amjad, family=Abdulla and given-i=A, given=Ayako, family=Abe‐Ouchi and given-i=ОА, given={О. А.}, family=Анисимов and given-i=R, given=Russian, family=Federation and given-i=M, given=Manuel, family=Barangé and given-i=GM, given={Gregory M.}, family=Flato and given-i=C, given=Canada, family=Kapil and given-i=M, given=Marcelino, family=González and given-i=G, given=Georg, family=Kaser and given-i=A, given=Aditi, family=Mukherji and given-i=JJ, given={Joy Jacqueline}, family=Pereira and given-i=M, given=Monika, family=Rhein and given-i=DS, given={David S.}, family=Schoeman},
	booktitle = {Cambridge University Press eBooks},
	date = {2022-05-19},
	doi = {10.1017/9781009157964.002},
	pages = {39--70},
	title = {Technical Summary},
	url = {https://doi.org/10.1017/9781009157964.002},
}
@article{hugonnet-2021,
	author = {given-i=R, given=Romain, family=Hugonnet and given-i=R, given=Robert, family=McNabb and given-i=É, given=Étienne, family=Berthier and given-i=B, given=Brian, family=Menounos and given-i=C, given=Christopher, family=Nuth and given-i=L, given=Luc, family=Girod and given-i=D, given=Daniel, family=Farinotti and given-i=M, given=Matthias, family=Huss and given-i=I, given=Inés, family=Dussaillant and given-i=F, given=Fanny, family=Brun and given-i=A, given=Andreas, family=Kääb},
	date = {2021-04-28},
	doi = {10.1038/s41586-021-03436-z},
	journaltitle = {Nature},
	number = {7856},
	pages = {726--731},
	title = {Accelerated global glacier mass loss in the early twenty-first century},
	url = {https://doi.org/10.1038/s41586-021-03436-z},
	volume = {592},
}
@article{huss-2018,
	author = {given-i=M, given=Matthias, family=Huss and given-i=R, given=Regine, family=Hock},
	date = {2018-01-22},
	doi = {10.1038/s41558-017-0049-x},
	journaltitle = {Nature climate change},
	number = {2},
	pages = {135--140},
	title = {Global-scale hydrological response to future glacier mass loss},
	url = {https://doi.org/10.1038/s41558-017-0049-x},
	volume = {8},
}
@article{cogley-2011,
	author = {given-i=JG, given={J. Graham}, family=Cogley and given-i=AA, given={A. A.}, family=Arendt and given-i=A, given=Andreas, family=Bauder and given-i=RJ, given={Roger J.}, family=Braithwaite and given-i=R, given=Regine, family=Hock and given-i=P, given=Peter, family=Jansson and given-i=G, given=G., family=Kaser and given-i=M, given=Marco, family=Möller and given-i=L, given=Lindsey, family=Nicholson and given-i=LA, given={L. A.}, family=Rasmussen and given-i=M, given=Michael, family=Zemp},
	date = {2011},
	doi = {10.5167/uzh-53475},
	journaltitle = {International Hydrological Programme of the United Nations Educational, Scientific and Cultural Organization (UNESCO-IHP)},
	pages = {4},
	title = {Glossary of Glacier Mass Balance and Related Terms},
	url = {https://www.research.manchester.ac.uk/portal/files/53855620/Glossary_of_glacier_mass_balance.pdf},
	volume = {83},
}
@book{van-den-broeke-2020,
	author = {given-i=M, given=Michiel, family={Van Den Broeke} and given-i=RH, given={Rianne H.}, family=Giesen},
	booktitle = {Springer textbooks in earth sciences, geography and environment (Online)},
	date = {2020-10-29},
	doi = {10.1007/978-3-030-42584-5_7},
	pages = {161--184},
	title = {Mass balance},
	url = {https://doi.org/10.1007/978-3-030-42584-5_7},
}
@article{fujita-2008,
	author = {given-i=K, given=Koji, family=Fujita},
	date = {2008-01-01},
	doi = {10.3189/172756408784700824},
	journaltitle = {Annals of glaciology},
	pages = {88--92},
	title = {Influence of precipitation seasonality on glacier mass balance and its sensitivity to climate change},
	url = {https://doi.org/10.3189/172756408784700824},
	volume = {48},
}
@article{florentine-2018,
	author = {given-i=C, given=Caitlyn, family=Florentine and given-i=JT, given={Joel T.}, family=Harper and given-i=DB, given={Daniel B.}, family=Fagre and given-i=JN, given={Johnnie N.}, family=Moore and given-i=EH, given={Erich H.}, family=Peitzsch},
	date = {2018-06-20},
	doi = {10.5194/tc-12-2109-2018},
	journaltitle = {The cryosphere (Print)},
	number = {6},
	pages = {2109--2122},
	title = {Local topography increasingly influences the mass balance of a retreating cirque glacier},
	url = {https://doi.org/10.5194/tc-12-2109-2018},
	volume = {12},
}
@article{huss-2012,
	author = {given-i=M, given=Matthias, family=Huss and given-i=D, given=Daniel, family=Farinotti},
	date = {2012-10-11},
	doi = {10.1029/2012jf002523},
	journaltitle = {Journal of Geophysical Research},
	number = {F4},
	title = {Distributed ice thickness and volume of all glaciers around the globe},
	url = {https://doi.org/10.1029/2012jf002523},
	volume = {117},
}
@article{thibert-2013,
	author = {given-i=E, given=Emmanuel, family=Thibert and given-i=N, given=Nicolas, family=Eckert and given-i=C, given=Christian, family=Vincent},
	date = {2013-01-15},
	doi = {10.5194/tc-7-47-2013},
	journaltitle = {The Cryosphere},
	number = {1},
	pages = {47--66},
	title = {Climatic drivers of seasonal glacier mass balances: an analysis of 6 decades at Glacier de Sarennes (French Alps)},
	url = {https://doi.org/10.5194/tc-7-47-2013},
	volume = {7},
}
@article{soheb-2020,
	author = {given-i=M, given=Mohd, family=Soheb and given-i=A, given=Alagappan, family=Ramanathan and given-i=T, given=Thupstan, family=Angchuk and given-i=A, given=Arindan, family=Mandal and given-i=N, given=Naveen, family=Kumar and given-i=S, given=Sonam, family=Lotus},
	date = {2020-05-18},
	doi = {10.1017/jog.2020.34},
	journaltitle = {Journal of Glaciology/Journal of glaciology},
	number = {258},
	pages = {627--642},
	title = {Mass-balance observation, reconstruction and sensitivity of Stok glacier, Ladakh region, India, between 1978 and 2019},
	url = {https://doi.org/10.1017/jog.2020.34},
	volume = {66},
}
@article{ahlstrm-2015,
	author = {given-i=AP, given={Andreas P.}, family=Ahlstrøm and given-i=B, given=Brian, family=Anderson and given-i=M, given=M., family=Arenillas and given-i=SR, given={Samjwal Ratna}, family=Bajracharya and given-i=C, given=Carlo, family=Baroni and given-i=WR, given={William R.}, family=Bidlake and given-i=LN, given={Ludwig N}, family=Braun and given-i=B, given=B., family=Cáceres and given-i=G, given=Gino, family=Casassa and given-i=JL, given={Jorge Luís}, family=Ceballos and given-i=G, given=Guillermo, family=Cobos and given-i=L, given=Luzmila, family=Dávila and given-i=HD, given={Hugo Delgado}, family=Granados and given-i=О, given=Отгонбаяр, family=Дэмбэрэл and given-i=MN, given={M. N.}, family=Demuth and given-i=LE, given={L E}, family=Espizua and given-i=A, given=Andrea, family=Fischer and given-i=K, given=Koji, family=Fujita and given-i=B, given=Bogdan, family=Gądek and given-i=A, given=Ali, family=Ghazanfar and given-i=JO, given={Jon Ove}, family=Hagen and given-i=M, given=Martin, family=Hoelzle and given-i=P, given=Per, family=Holmlund and given-i=N, given=Neamat, family=Karimi and given-i=Z, given=Z., family=Li and given-i=EM, given={Eduardo Martínez}, family={De Pisón} and given-i=M, given=Mauri, family=Pelto and given-i=P, given=Pierre, family=Pitte and given-i=V, given=Victor, family=Popovnin and given-i=C, given=César, family=Portocarrero and given-i=R, given=Rainer, family=Prinz and given-i=J, given=Jaime, family=Ramírez and given-i=A, given=A., family=Rudell and given-i=CV, given={C. V.}, family=Sangewar and given-i=I, given=Igor, family=Severskiy and given-i=O, given=Oddur, family=Sigurðsson and given-i=Á, given=Álvaro, family=Soruco and given-i=L, given=Levan, family=Tielidze and given-i=R, given=Ryskul, family=Usubaliev and given-i=T, given=Td, family={Van Ommen} and given-i=C, given=Christian, family=Vincent and given-i=A, given=Andrey, family=Yakovlev},
	date = {2015-01-01},
	doi = {10.3189/2015jog15j017},
	journaltitle = {Journal of Glaciology/Journal of glaciology},
	number = {228},
	pages = {745--762},
	title = {Historically unprecedented global glacier decline in the early 21st century},
	url = {https://doi.org/10.3189/2015jog15j017},
	volume = {61},
}
@article{strem-1993,
	author = {given-i=G, given=Gunnar, family=Østrem and given-i=AD, given={Alan David}, family=Stanley and given-i=RG, given={Resources. Glaciology}, family=Subdivision and given-i=NVEVG, given={Norway. Vassdrags-Og Elektrisitets Vesenet. Glaciology}, family=Section},
	date = {1993-02-01},
	doi = {10.2307/1551489},
	journaltitle = {Arctic and alpine research},
	number = {1},
	pages = {77},
	title = {Glacier Mass-Balance Measurements: A manual for field and office work},
	url = {https://doi.org/10.2307/1551489},
	volume = {25},
}
@book{kaser-2003,
	author = {given-i=G, given=G., family=Kaser and given-i=AG, given={Andrew G.}, family=Fountain and given-i=P, given=Peter, family=Jansson},
	date = {2003-01-01},
	title = {A manual for monitoring the mass balance of mountain glaciers},
	url = {http://ci.nii.ac.jp/ncid/BB1421814X},
}
@dataset{world-glacier-monitoring-service-2024,
	author = {{World Glacier Monitoring Service}},
	date = {2024-01-23},
	doi = {10.5904/wgms-fog-2024-01},
	publisher = {World Glacier Monitoring Service (WGMS)},
	title = {Fluctuations of Glaciers Database},
	url = {https://wgms.ch/data_databaseversions/},
	version = {2014},
}
@article{berthier-2023,
	author = {given-i=É, given=Étienne, family=Berthier and given-i=D, given=Dana, family=Floricioiu and given-i=A, given=Alex, family=Gardner and given-i=N, given=Noël, family=Gourmelen and given-i=L, given=Livia, family=Jakob and given-i=F, given=Frank, family=Paul and given-i=D, given=Désirée, family=Treichler and given-i=B, given=Bert, family=Wouters and given-i=JMC, given={Joaquín M. C.}, family=Belart and given-i=A, given=Amaury, family=Dehecq and given-i=I, given=Inés, family=Dussaillant and given-i=R, given=Romain, family=Hugonnet and given-i=A, given=A., family=Kääb and given-i=L, given=Lukas, family=Krieger and given-i=F, given=Finnur, family=Pálsson and given-i=M, given=Michael, family=Zemp},
	date = {2023-02-08},
	doi = {10.1088/1361-6633/acaf8e},
	journaltitle = {Reports on progress in physics},
	number = {3},
	pages = {036801},
	title = {Measuring glacier mass changes from space—a review},
	url = {https://doi.org/10.1088/1361-6633/acaf8e},
	volume = {86},
}
@article{hock-2003,
	author = {given-i=R, given=Regine, family=Hock},
	date = {2003-11-01},
	doi = {10.1016/s0022-1694(03)00257-9},
	journaltitle = {Journal of hydrology (Amsterdam)},
	number = {1-4},
	pages = {104--115},
	title = {Temperature index melt modelling in mountain areas},
	url = {https://doi.org/10.1016/s0022-1694(03)00257-9},
	volume = {282},
}
@book{cuffey-2010,
	author = {given-i=K, given=Kurt, family=Cuffey and given-i=WSB, given={W. S. B.}, family=Paterson},
	date = {2010-01-01},
	publisher = {Academic Press},
	title = {The Physics of glaciers},
}
@article{marzeion-2012,
	author = {given-i=B, given=Ben, family=Marzeion and given-i=AH, given={Alexander H.}, family=Jarosch and given-i=M, given=Marlis, family=Hofer},
	date = {2012-11-12},
	doi = {10.5194/tc-6-1295-2012},
	journaltitle = {The cryosphere (Print)},
	number = {6},
	pages = {1295--1322},
	title = {Past and future sea-level change from the surface mass balance of glaciers},
	url = {https://doi.org/10.5194/tc-6-1295-2012},
	volume = {6},
}
@book{dramsch-2020,
	author = {given-i=JS, given={Jesper Sören}, family=Dramsch},
	booktitle = {Advances in geophysics},
	date = {2020-01-01},
	doi = {10.1016/bs.agph.2020.08.002},
	pages = {1--55},
	title = {70 years of machine learning in geoscience in review},
	url = {https://doi.org/10.1016/bs.agph.2020.08.002},
}
@article{fountain-1999,
	author = {given-i=AG, given={Andrew G.}, family=Fountain and given-i=A, given=Aldo, family=Vecchia},
	date = {1999-12-01},
	doi = {10.1111/j.0435-3676.1999.00084.x},
	journaltitle = {Geografiska annaler. Series A, Physical geography/Geografiska annaler. Series A. Physical geography},
	number = {4},
	pages = {563--573},
	title = {How many Stakes are Required to Measure the Mass Balance of a Glacier?},
	url = {https://doi.org/10.1111/j.0435-3676.1999.00084.x},
	volume = {81},
}
@article{aalgeirsdottir-2003,
	author = {given-i=G, given=Guðefinna, family=Aðalgeirsdóttir and given-i=GH, given={G. Hilmar}, family=Gudmundsson and given-i=H, given=Helgi, family=Björnsson},
	date = {2003-01-01},
	doi = {10.3189/172756403781815447},
	journaltitle = {Annals of Glaciology},
	pages = {189--193},
	title = {A regression model for the mass-balance distribution of the Vatnajökull ice cap, Iceland},
	url = {https://doi.org/10.3189/172756403781815447},
	volume = {37},
}
@article{mutz-2022,
	author = {given-i=SG, given={Sebastian G.}, family=Mutz and given-i=J, given=Johannes, family=Aschauer},
	date = {2022-02-18},
	doi = {10.1017/jog.2022.6},
	journaltitle = {Journal of Glaciology},
	pages = {1--15},
	title = {Empirical glacier mass-balance models for South America},
	url = {https://doi.org/10.1017/jog.2022.6},
}
@article{ren-2024,
	author = {given-i=W, given=Weiwei, family=Ren and given-i=Z, given=Zhongzheng, family=Zhu and given-i=Y, given=Yingzheng, family=Wang and given-i=J, given=Jiabin, family=Su and given-i=R, given=Ruijie, family=Zeng and given-i=D, given=Donghai, family=Zheng and given-i=X, given=Xin, family=Li},
	date = {2024-03-08},
	doi = {10.3390/rs16060956},
	journaltitle = {Remote sensing},
	number = {6},
	pages = {956},
	title = {Comparison of Machine Learning Models in Simulating Glacier Mass Balance: Insights from Maritime and Continental Glaciers in High Mountain Asia},
	url = {https://doi.org/10.3390/rs16060956},
	volume = {16},
}
@article{diaconu-2024,
	author = {given-i=C, given=Codruț-Andrei, family=Diaconu and given-i=NM, given={Nina Maria}, family=Gottschling},
	date = {2024-01-01},
	doi = {10.1109/lgrs.2024.3356160},
	journaltitle = {IEEE geoscience and remote sensing letters (Print)},
	pages = {1},
	title = {Uncertainty-Aware Learning with Label Noise for Glacier Mass Balance Modelling},
	url = {https://doi.org/10.1109/lgrs.2024.3356160},
}
@article{guidicelli-2023,
	author = {given-i=M, given=Matteo, family=Guidicelli and given-i=M, given=Matthias, family=Huss and given-i=M, given=Marco, family=Gabella and given-i=N, given=Nadine, family=Salzmann},
	date = {2023-03-01},
	doi = {10.5194/tc-17-977-2023},
	journaltitle = {The cryosphere (Print)},
	number = {2},
	pages = {977--1002},
	title = {Spatio-temporal reconstruction of winter glacier mass balance in the Alps, Scandinavia, Central Asia and western Canada (1981–2019) using climate reanalyses and machine learning},
	url = {https://doi.org/10.5194/tc-17-977-2023},
	volume = {17},
}
@article{anilkumar-2023,
	author = {given-i=R, given=Ritu, family=Anilkumar and given-i=R, given=Rishikesh, family=Bharti and given-i=D, given=Dibyajyoti, family=Chutia and given-i=SP, given={S. P.}, family=Aggarwal},
	date = {2023-07-13},
	doi = {10.5194/tc-17-2811-2023},
	journaltitle = {The cryosphere},
	number = {7},
	pages = {2811--2828},
	title = {Modelling point mass balance for the glaciers of the Central European Alps using machine learning techniques},
	url = {https://doi.org/10.5194/tc-17-2811-2023},
	volume = {17},
}
@inproceedings{van-der-meer-2024,
	author = {given-i=M, given=Marijn, family={Van Der Meer} and given-i=H, given=Harry, family=Zekollari and given-i=M, given=Matthias, family=Huss and given-i=J, given=Jordi, family=Bolíbar and given-i=KH, given={Kamilla Hauknes}, family=Sjursen and given-i=D, given=Daniel, family=Farinotti},
	date = {2024-04-08},
	doi = {10.5194/egusphere-egu24-2110},
	eventtitle = {EGU24},
	title = {Glacier point mass balance modeling using machine learning},
	url = {https://doi.org/10.5194/egusphere-egu24-2110},
}
@article{chi-2016,
	author = {given-i=M, given=Mingmin, family=Chi and given-i=A, given=Antonio, family=Plaza and given-i=JA, given={Jón Atli}, family=Benediktsson and given-i=Z, given=Zhongyi, family=Sun and given-i=J, given=Jinsheng, family=Shen and given-i=Y, given=Yangyong, family=Zhu},
	date = {2016-11-01},
	doi = {10.1109/jproc.2016.2598228},
	journaltitle = {Proceedings of the IEEE},
	number = {11},
	pages = {2207--2219},
	title = {Big data for remote sensing: challenges and opportunities},
	url = {https://doi.org/10.1109/jproc.2016.2598228},
	volume = {104},
}
@article{bergen-2019,
	author = {given-i=KJ, given={Karianne J.}, family=Bergen and given-i=PA, given={P. A.}, family=Johnson and given-i=MV, given={Maarten V.}, family={De Hoop} and given-i=GC, given={Gregory C.}, family=Beroza},
	date = {2019-03-22},
	doi = {10.1126/science.aau0323},
	journaltitle = {Science},
	number = {6433},
	title = {Machine learning for data-driven discovery in solid Earth geoscience},
	url = {https://doi.org/10.1126/science.aau0323},
	volume = {363},
}
@article{morlighem-2017,
	author = {given-i=M, given=Mathieu, family=Morlighem and given-i=C, given=C., family=Williams and given-i=E, given=Eric, family=Rignot and given-i=L, given=Lu, family=An and given-i=JE, given={Jan Erik}, family=Arndt and given-i=J, given=Jonathan, family=Bamber and given-i=GA, given={G. A.}, family=Catania and given-i=N, given=Nolwenn, family=Chauché and given-i=JA, given={Julian A.}, family=Dowdeswell and given-i=B, given=Boris, family=Dorschel and given-i=I, given=Ian, family=Fenty and given-i=K, given=Kelly, family=Hogan and given-i=IM, given={I. M.}, family=Howat and given-i=A, given=Alun, family=Hubbard and given-i=M, given=Martin, family=Jakobsson and given-i=TM, given={Thomas M.}, family=Jordan and given-i=KK, given={Kristian K.}, family=Kjeldsen and given-i=R, given=Romain, family=Millan and given-i=LA, given={Larry A.}, family=Mayer and given-i=J, given=J., family=Mouginot and given-i=B, given=Brice, family=Noël and given-i=C, given=Colm, family=Ó'Cofaigh and given-i=SJ, given={S. J.}, family=Palmer and given-i=S, given=Søren, family=Rysgaard and given-i=H, given=Hélène, family=Seroussi and given-i=MJ, given={Martín J.}, family=Siegert and given-i=P, given=Patricia, family=Slabon and given-i=F, given=F., family=Straneo and given-i=MR, given={M. R.}, family={Van Den Broeke} and given-i=W, given=Wilhelm, family=Weinrebe and given-i=M, given=Michael, family=Wood and given-i=KB, given={Karl B.}, family=Zinglersen},
	date = {2017-11-01},
	doi = {10.1002/2017gl074954},
	journaltitle = {Geophysical research letters},
	number = {21},
	title = {BedMachine v3: Complete Bed Topography and Ocean Bathymetry Mapping of Greenland From Multibeam Echo Sounding Combined With Mass Conservation},
	url = {https://doi.org/10.1002/2017gl074954},
	volume = {44},
}
@article{chen-2016,
	author = {given-i=T, given=Tianqi, family=Chen and given-i=C, given=Carlos, family=Guestrin},
	date = {2016-08-17},
	doi = {10.1145/2939672.2939785},
	journaltitle = {ACM},
	number = {123286},
	pages = {785 - 794},
	title = {XGBoost},
	url = {https://doi.org/10.1145/2939672.2939785},
	volume = {13},
}
@article{shwartz-ziv-2022,
	author = {given-i=R, given=Ravid, family=Shwartz-Ziv and given-i=A, given=Amitai, family=Armon},
	date = {2022-05-01},
	doi = {10.1016/j.inffus.2021.11.011},
	journaltitle = {Information fusion},
	pages = {84--90},
	title = {Tabular data: Deep learning is not all you need},
	url = {https://doi.org/10.1016/j.inffus.2021.11.011},
	volume = {81},
}
@article{lussana-2018,
	author = {given-i=C, given=Cristian, family=Lussana and given-i=T, given=Tuomo, family=Saloranta and given-i=T, given=Thomas, family=Skaugen and given-i=J, given=Jan, family=Magnusson and given-i=OE, given={Ole Einar}, family=Tveito and given-i=J, given=Jess, family=Andersen},
	date = {2018-02-01},
	doi = {10.5194/essd-10-235-2018},
	journaltitle = {Earth system science data (Print)},
	number = {1},
	pages = {235--249},
	title = {seNorge2 daily precipitation, an observational gridded dataset over Norway from 1957 to the present day},
	url = {https://doi.org/10.5194/essd-10-235-2018},
	volume = {10},
}
@article{lussana-2019,
	author = {given-i=C, given=Cristian, family=Lussana and given-i=OE, given={Ole Einar}, family=Tveito and given-i=A, given=Andreas, family=Dobler and given-i=K, given=Ketil, family=Tunheim},
	date = {2019-10-14},
	doi = {10.5194/essd-11-1531-2019},
	journaltitle = {Earth system science data (Print)},
	number = {4},
	pages = {1531--1551},
	title = {seNorge_2018, daily precipitation, and temperature datasets over Norway},
	url = {https://doi.org/10.5194/essd-11-1531-2019},
	volume = {11},
}
@article{nesje-2008,
	author = {given-i=A, given=Atle, family=Nesje and given-i=J, given=Jostein, family=Bakke and given-i=SO, given={Svein Olaf}, family=Dahl and given-i=Ø, given=Øyvind, family=Lie and given-i=JA, given={John A.}, family=Matthews},
	date = {2008-01-01},
	doi = {10.1016/j.gloplacha.2006.08.004},
	journaltitle = {Global and planetary change (Print)},
	number = {1-2},
	pages = {10--27},
	title = {Norwegian mountain glaciers in the past, present and future},
	url = {https://doi.org/10.1016/j.gloplacha.2006.08.004},
	volume = {60},
}
@article{roberts-2017,
	author = {given-i=DR, given={David R.}, family=Roberts and given-i=V, given=Volker, family=Bahn and given-i=S, given=Simone, family=Ciuti and given-i=MS, given={Mark S.}, family=Boyce and given-i=J, given=Jane, family=Elith and given-i=G, given=Gurutzeta, family=Guillera‐Arroita and given-i=S, given=Severin, family=Hauenstein and given-i=JJ, given={José J.}, family=Lahoz‐Monfort and given-i=B, given=Boris, family=Schröder and given-i=W, given=Wilfried, family=Thuiller and given-i=DI, given={David I.}, family=Warton and given-i=BA, given={Brendan A.}, family=Wintle and given-i=F, given=Florian, family=Härtig and given-i=CF, given={Carsten F.}, family=Dormann},
	date = {2017-03-03},
	doi = {10.1111/ecog.02881},
	journaltitle = {Ecography},
	number = {8},
	pages = {913--929},
	title = {Cross‐validation strategies for data with temporal, spatial, hierarchical, or phylogenetic structure},
	url = {https://doi.org/10.1111/ecog.02881},
	volume = {40},
}
@article{sun-2022,
	author = {given-i=Y, given=Yiheng, family=Sun and given-i=T, given=Tian, family=Lu and given-i=C, given=Cong, family=Wang and given-i=Y, given=Yuan, family=Li and given-i=H, given=Huaiyu, family=Fu and given-i=J, given=Jingran, family=Dong and given-i=Y, given=Yunjie, family=Xu},
	date = {2022-06-28},
	doi = {10.1609/aaai.v36i11.21478},
	journaltitle = {Proceedings of the ... AAAI Conference on Artificial Intelligence},
	number = {11},
	pages = {12181--12190},
	title = {TransBoost: a Boosting-Tree kernel transfer learning algorithm for improving financial inclusion},
	url = {https://doi.org/10.1609/aaai.v36i11.21478},
	volume = {36},
}
@video{pydata,
	author = {{PyData}},
	date = {2023-11-22},
	title = {Cikla & Zhutovsky - Transfer Learning in Boosting Models | PyData Amsterdam 2023},
	url = {https://www.youtube.com/watch?v=lmQw_B-JP9o},
}
@article{sarkar-2022,
	author = {given-i=TK, given={Tushar K.}, family=Sarkar},
	date = {2022-09-01},
	doi = {10.1016/j.iswa.2022.200097},
	journaltitle = {Intelligent systems with applications},
	pages = {200097},
	title = {XBNet: An extremely boosted neural network},
	url = {https://doi.org/10.1016/j.iswa.2022.200097},
	volume = {15},
}
@article{he-2022,
	author = {given-i=X, given=Xiaowei, family=He and given-i=S, given=Siqi, family=Li and given-i=XT, given={Xin Tian}, family=He and given-i=W, given=Wenqiang, family=Wang and given-i=X, given=Xiang, family=Zhang and given-i=B, given=Bin, family=Wang},
	date = {2022-08-26},
	doi = {10.4018/jitr.299924},
	journaltitle = {Journal of information technology research},
	number = {1},
	pages = {1--18},
	title = {A novel ensemble learning model combined XGBOOSt with deep neural network for credit scoring},
	url = {https://doi.org/10.4018/jitr.299924},
	volume = {15},
}
@article{huss-2015,
	author = {given-i=M, given=Matthias, family=Huss and given-i=R, given=Regine, family=Hock},
	date = {2015-09-30},
	doi = {10.3389/feart.2015.00054},
	journaltitle = {Frontiers in earth science},
	title = {A new model for global glacier change and sea-level rise},
	url = {https://doi.org/10.3389/feart.2015.00054},
	volume = {3},
}
@book{bjornsson-2016,
	author = {given-i=H, given=Helgi, family=Björnsson},
	booktitle = {Atlantis Press eBooks},
	date = {2016-10-05},
	doi = {10.2991/978-94-6239-207-6_3},
	pages = {103--127},
	title = {Iceland},
	url = {https://doi.org/10.2991/978-94-6239-207-6_3},
}
@article{aalgeirsdottir-2020,
	author = {given-i=G, given=Guðfinna, family=Ađalgeirsdóttir and given-i=E, given=Eyjólfur, family=Magnússon and given-i=F, given=Finnur, family=Pálsson and given-i=Þ, given=Þorsteinn, family=Thorsteinsson and given-i=JMC, given={Joaquín M. C.}, family=Belart and given-i=T, given=Tómas, family=Jøhannesson and given-i=H, given=Hrafnhildur, family=Hannesdóttir and given-i=O, given=Oddur, family=Sigurðsson and given-i=A, given=Andri, family=Gunnarsson and given-i=B, given=Bergur, family=Einarsson and given-i=É, given=Étienne, family=Berthier and given-i=LS, given={Louise Steffensen}, family=Schmidt and given-i=HH, given={Hannes H.}, family=Haraldsson and given-i=H, given=Helgi, family=Björnsson},
	date = {2020-11-26},
	doi = {10.3389/feart.2020.523646},
	journaltitle = {Frontiers in earth science},
	title = {Glacier changes in Iceland from ∼1890 to 2019},
	url = {https://doi.org/10.3389/feart.2020.523646},
	volume = {8},
}
@article{ingolfsson-2016,
	author = {given-i=Ó, given=Ólafur, family=Inǵólfsson and given-i=ÍÖ, given={Ívar Örn}, family=Benediktsson and given-i=A, given=Anders, family=Schomacker and given-i=KH, given={Kurt H.}, family=Kjær and given-i=S, given=Skafti, family=Brynjólfsson and given-i=SA, given={Sverrir Aðalsteinn}, family=Jónsson and given-i=NJ, given={Niels J.}, family=Korsgaard and given-i=MD, given={Mark D.}, family=Johnson},
	date = {2016-01-01},
	doi = {10.1016/j.earscirev.2015.11.008},
	journaltitle = {Earth-science reviews},
	pages = {37--69},
	title = {Glacial geological studies of surge-type glaciers in Iceland — Research status and future challenges},
	url = {https://doi.org/10.1016/j.earscirev.2015.11.008},
	volume = {152},
}
@article{jhannesson-2020,
	author = {given-i=T, given=Tómas, family=Jøhannesson and given-i=B, given=Bolli, family=Pálmason and given-i=Á, given=Árni, family=Hjartarson and given-i=AH, given={Alexander H.}, family=Jarosch and given-i=E, given=Eyjólfur, family=Magnússon and given-i=JMC, given={Joaquín M. C.}, family=Belart and given-i=MT, given={M. T.}, family=Guđmundsson},
	date = {2020-06-02},
	doi = {10.1017/jog.2020.37},
	journaltitle = {Journal of Glaciology/Journal of glaciology},
	number = {258},
	pages = {685--697},
	title = {Non-surface mass balance of glaciers in Iceland},
	url = {https://doi.org/10.1017/jog.2020.37},
	volume = {66},
}
@article{orsteinsson-2013,
	author = {given-i=Þ, given=Þorsteinn, family=Þorsteinsson and given-i=T, given=Tómas, family=Jøhannesson and given-i=Á, given=Árni, family=Snorrason},
	date = {2013-12-01},
	doi = {10.1016/j.cosust.2013.11.003},
	journaltitle = {Current opinion in environmental sustainability},
	number = {6},
	pages = {590--598},
	title = {Glaciers and ice caps: Vulnerable water resources in a warming climate},
	url = {https://doi.org/10.1016/j.cosust.2013.11.003},
	volume = {5},
}
@report{moholdt-2021,
	author = {given=Geir, family=Moholdt and given=Andreas, family=Kääb and given=Alexandra, family=Messerli and given=Teodor, family=Nagy and given={Solveig Havstad}, family=Winsvold},
	date = {2021-03},
	title = {Monitoring glaciers in mainland Norway and Svalbard using Sentinel},
	urldate = {2024-04-18},
    url= {https://publikasjoner.nve.no/rapport/2021/rapport2021_03.pdf},
}

$ Do not remove thos, these are not in Scribbr
@online{Morlighem_2022,
    author = {Morlighem, M. and others},
    year = {2022},
    title = {IceBridge BedMachine Greenland, Version 5},
    url = {https://nsidc.org/data/IDBMG4/versions/5},
    doi = {10.5067/GMEVBWFLWA7X},
    organization = {NASA National Snow and Ice Data Center Distributed Active Archive Center},
}
@article{maussion2019oggm,
  author    = {Maussion, F. and Butenko, A. and Champollion, N. and Dusch, M. and Eis, J. and Fourteau, K. and Gregor, P. and Jarosch, A. H. and Landmann, J. and Oesterle, F. and Recinos, B. and Rothenpieler, T. and Vlug, A. and Wild, C. T. and Marzeion, B.},
  title     = {The Open Global Glacier Model (OGGM) v1.1},
  journal   = {Geoscientific Model Development},
  volume    = {12},
  year      = {2019},
  pages     = {909--931},
  url       = {https://www.geosci-model-dev.net/12/909/2019/},
  doi       = {10.5194/gmd-12-909-2019}
}
@online{munoz2019era5,
  author       = {Muñoz Sabater, Joaquín},
  title        = {{ERA5-Land hourly data from 1950 to present}},
  organization = {{Copernicus Climate Change Service (C3S) Climate Data Store (CDS)}},
  year         = {2019},
  url          = {https://cds.climate.copernicus.eu/cdsapp#!/dataset/reanalysis-era5-land?tab=overview},
  doi          = {10.24381/cds.e2161bac},
  note         = {Accessed on 13-Apr-2024},
}
@online{shietal2018,
  year          = {2018},
  author        = {Shi, Chence and Deng, Zheye and Xu, Yewen and Song, Weiping and Yin, Yichun and Zhu, Jile and Zhang, Ming},
  title         = {Ensembling XGBoost and Neural Network for Churn Prediction
with Relabeling and Data Augmentation},
  url           = {https://wsdm-cup-2018.kkbox.events/pdf/8_Ensembling_XGBoost_and_Neural_Network_for_Churn_Prediction_with_Relabeling_and_Data_Augmentation.pdf},
  organization  = {WSDM Cup 2018},
  note          = {[Unpublished Manuscript]}
}
@misc{Rounce2022,
    author = {Rounce, D. and Hock, R. and Maussion, F.},
    year = {2022},
    title = {Global PyGEM-OGGM Glacier Projections with RCP and SSP Scenarios, Version 1},
    url = {https://nsidc.org/data/HMA2_GGP/versions/1},
    doi = {10.5067/P8BN9VO9N5C7},
    publisher = {NASA National Snow and Ice Data Center Distributed Active Archive Center}
}
@online{glacierwebportal,
  author       = {Icelandic Meteorological Office and Institute of Earth Sciences at the University of Iceland and Landsvirkjun and Iceland Glaciological Society and National Land Survey of Iceland and South East Iceland Nature Research Center},
  title        = {Glacier Web Portal},
  year         = {2024},
  url          = {https://icelandicglaciers.is/#/page/map},
  urldate      = {2024-04-18},
  version      = {2024-04-18},
  organization = {Icelandic Meteorological Office, Institute of Earth Sciences at the University of Iceland, Landsvirkjun, Iceland Glaciological Society, National Land Survey of Iceland, South East Iceland Nature Research Center},
}
